<?xml version="1.0" encoding="UTF-8"?><collection xmlns="http://www.loc.gov/MARC21/slim"><record><leader>00394nam--2200133-i-4500</leader><controlfield tag="001">000042080</controlfield><controlfield tag="002">20161230</controlfield><controlfield tag="005">20161230201043</controlfield><controlfield tag="008">060222s1000------------r-----000-0-eng-d</controlfield><datafield ind1=" " ind2=" " tag="080"><subfield code="a">621.039.51.129043)</subfield></datafield><datafield ind1=" " ind2=" " tag="100"><subfield code="a">Soddevila,Michel</subfield></datafield><datafield ind1=" " ind2=" " tag="245"><subfield code="a">Contributiion a l`etude du probleme de l`equivalence transport-diffusiion. these</subfield></datafield><datafield ind1=" " ind2=" " tag="260"><subfield code="a">Ojkkkrsay, Univ.De Paris-sud, 1978. 127 P</subfield></datafield><datafield ind1=" " ind2=" " tag="852"><subfield code="a">49826</subfield></datafield></record></collection>